<record><leader>00000cas a2200000 i 4500</leader><controlfield tag="001">11163246</controlfield><controlfield tag="008">840917d18741946inuwr ne      0    0eng c</controlfield><datafield ind1=" " ind2=" " tag="010"><subfield code="a">sn 84037938 </subfield></datafield><datafield ind1=" " ind2=" " tag="040"><subfield code="a">NPX</subfield><subfield code="b">eng</subfield><subfield code="e">rda</subfield><subfield code="c">NPX</subfield><subfield code="d">NPI</subfield><subfield code="d">IUL</subfield><subfield code="d">OCLCF</subfield></datafield><datafield ind1="1" ind2=" " tag="029"><subfield code="a">AU@</subfield><subfield code="b">000025816987</subfield></datafield><datafield ind1=" " ind2=" " tag="042"><subfield code="a">pcc</subfield></datafield><datafield ind1=" " ind2=" " tag="043"><subfield code="a">n-us-in</subfield></datafield><datafield ind1="0" ind2="0" tag="245"><subfield code="a">Martinsville Republican.</subfield></datafield><datafield ind1=" " ind2="1" tag="264"><subfield code="a">Martinsville, Ind. :</subfield><subfield code="b">Jas. G. Bain,</subfield><subfield code="c">1874-</subfield></datafield><datafield ind1=" " ind2=" " tag="300"><subfield code="a">volumes</subfield></datafield><datafield ind1=" " ind2=" " tag="310"><subfield code="a">Weekly</subfield></datafield><datafield ind1=" " ind2=" " tag="321"><subfield code="a">Weekly</subfield><subfield code="b">1874-Mar. 1889</subfield></datafield><datafield ind1=" " ind2=" " tag="321"><subfield code="a">Semiweekly,</subfield><subfield code="b">Mar.-Aug. 1889</subfield></datafield><datafield ind1=" " ind2=" " tag="336"><subfield code="a">text</subfield><subfield code="b">txt</subfield><subfield code="2">rdacontent</subfield></datafield><datafield ind1=" " ind2=" " tag="337"><subfield code="a">unmediated</subfield><subfield code="b">n</subfield><subfield code="2">rdamedia</subfield></datafield><datafield ind1=" " ind2=" " tag="338"><subfield code="a">volume</subfield><subfield code="b">nc</subfield><subfield code="2">rdacarrier</subfield></datafield><datafield ind1="0" ind2=" " tag="362"><subfield code="a">Vol. 5, no. 12 (November 19, 1874)-</subfield></datafield><datafield ind1="1" ind2=" " tag="362"><subfield code="a">Ceased in 1946.</subfield><subfield code="z">Cf. Miller, John W.  Indiana newspaper bibliog.</subfield></datafield><datafield ind1=" " ind2=" " tag="500"><subfield code="a">Editors: James G. Bain, &lt;1876&gt;; W.W. Kennedy; A.W. Macy; Shell Parks; C.S. Crary; G.W. Ryan; John Whitted; Elmer Whitted.</subfield></datafield><datafield ind1=" " ind2=" " tag="580"><subfield code="a">Published also from 1889 in a daily edition called: Daily reporter (Martinsville, Ind.)</subfield></datafield><datafield ind1=" " ind2=" " tag="588"><subfield code="a">Latest issue consulted: Volume 22, no. 20 (December 24, 1891); U.S. Newspaper Archive (viewed May 19, 2017).</subfield></datafield><datafield ind1=" " ind2=" " tag="500"><subfield code="a">"Republican."</subfield></datafield><datafield ind1=" " ind2="0" tag="651"><subfield code="a">Martinsville (Ind.)</subfield><subfield code="v">Newspapers.</subfield></datafield><datafield ind1=" " ind2="0" tag="651"><subfield code="a">Morgan County (Ind.)</subfield><subfield code="v">Newspapers.</subfield></datafield><datafield ind1=" " ind2="7" tag="655"><subfield code="a">Newspapers.</subfield><subfield code="2">fast</subfield><subfield code="0">(OCoLC)fst01423814</subfield></datafield><datafield ind1=" " ind2="7" tag="651"><subfield code="a">Indiana</subfield><subfield code="z">Martinsville.</subfield><subfield code="2">fast</subfield><subfield code="0">(OCoLC)fst01232308</subfield></datafield><datafield ind1=" " ind2="7" tag="651"><subfield code="a">Indiana</subfield><subfield code="z">Morgan County.</subfield><subfield code="2">fast</subfield><subfield code="0">(OCoLC)fst01218134</subfield></datafield><datafield ind1=" " ind2=" " tag="752"><subfield code="a">United States</subfield><subfield code="b">Indiana</subfield><subfield code="c">Morgan</subfield><subfield code="d">Martinsville.</subfield></datafield><datafield ind1="1" ind2=" " tag="775"><subfield code="t">Daily reporter (Martinsville, Ind.)</subfield><subfield code="w">(DLC)sn 86058502</subfield><subfield code="w">(OCoLC)13503668</subfield></datafield><datafield ind1="0" ind2="0" tag="780"><subfield code="t">Morgan County Republican (Martinsville, Ind.)</subfield><subfield code="w">(DLC)sn 84027489</subfield><subfield code="w">(OCoLC)11257106</subfield></datafield><datafield ind1="4" ind2="1" tag="856"><subfield code="u">https://access.newspaperarchive.com/us/indiana/martinsville/martinsville-morgan-county-republican/</subfield></datafield><datafield ind1="4" ind2="1" tag="856"><subfield code="u">https://access.newspaperarchive.com/us/indiana/martinsville/martinsville-republican/</subfield></datafield></record>